%=============================================================
%  粉体工学
%=============================================================

@ARTICLE{
geldart_map,
    author = {D. Geldart},
    title = {Types of gas fluidization},
    journal = {Powder Technology},
    volume = {7},
    number = {5},
    year = {1973},
    pages = {285--292}
}

@ARTICLE{
dem_spring_coefficient,
    author = {Pawl W. Cleary},
    title = {Recent advances in dem modelling of tumbling mills},
    journal = {Mineraks Engineering},
    volume = {14},
    number = {10},
    year = {2001},
    pages = {97--111}
}

@ARTICLE{
warren_spring,
    author = {M. D Ashton, D. C. H. Cheng, R. Farley, and F. H. H. Valentin},
    title = {Some Investigations into the Strength and Flow Properties of Powders},
    journal = {Rheologica Acta},
    volume = {4},
    number = {3},
    year = {1965},
    pages = {206--218}
}

@book{
    author = {酒井 幹夫},
    title = {粉体の数値シミュレーション},
    publisher = {丸善出版株式会社},
    year = {2012}
}

@book{
    author = {粉体工学会},
    title = {粉体工学叢書},
    volume = {7},
    series = {粉体層の操作とシミュレーション},
    publisher = {日刊工業新聞社},
    year = {2012}
}


%=============================================================
%  粉体形状
%=============================================================
@ARTICLE{
elipsoid_collision,
    author = {鈴木 基勝, 坂口 栄一郎, 川上昭太郎, and 玉木 浩二},
    title = {籾と玄米の揺動選別の離散要素シミュレーション},
    journal = {農業機械学会誌},
    volume = {64},
    number = {3},
    year = {2002},
    pages = {94--100}
}

@ARTICLE{
cubic_collision,
    author = {Feras Y. Fraige, Paul A. Langton, and Gerge Z. Chen},
    title = {Distinct element modelling of cubic particle packing and flow},
    journal = {Powder Technology},
    volume = {186},
    number = {3},
    year = {2008},
    pages = {224--240}
}


%=============================================================
%  表面抽出
%=============================================================
@PROCEEDINGS{
poisson_surface_reconstruction,
    author = {Michael Kazhdan, Matthew Bolitho, and Huges Hoppe},
    title = {Possion surface reconstruction},
    journal = {Eurographics Association},
    year = {2006},
    pages = {61--70}
}
